@article{hannaharendt,
  title={AI ethics and the banality of evil},
  author={Tajalli, Payman},
  journal={Ethics and Information Technology},
  volume={23},
  number={3},
  pages={447--454},
  year={2021},
  publisher={Springer}
}
@inproceedings{socialmediaanalytics,
  title={Social media analytics and business value: a theoretical framework and case study},
  author={Bekmamedova, Nargiza and Shanks, Graeme},
  booktitle={2014 47th Hawaii international conference on system sciences},
  pages={3728--3737},
  year={2014},
  organization={IEEE}
}

@article{harvey2018internet,
  title={Internet blogs, polar bears, and climate-change denial by proxy},
  author={Harvey, Jeffrey A and Van Den Berg, Daphne and Ellers, Jacintha and Kampen, Remko and Crowther, Thomas W and Roessingh, Peter and Verheggen, Bart and Nuijten, Rascha JM and Post, Eric and Lewandowsky, Stephan and others},
  journal={BioScience},
  volume={68},
  number={4},
  pages={281--287},
  year={2018},
  publisher={Oxford University Press}
}

@article{jost2019positive,
  title={How positive is “change” in climate change? A sentiment analysis},
  author={Jost, Fran{\c{c}}ois and Dale, Ann and Schwebel, Shoshana},
  journal={Environmental Science \& Policy},
  volume={96},
  pages={27--36},
  year={2019},
  publisher={Elsevier}
}